@inproceedings{solin2014,
  title={Explicit Link Between Periodic Covariance Functions and State Space Models.},
  author={Solin, Arno and S{\"a}rkk{\"a}, Simo}
}

@book{karlin2012,
  title={A First Course in Stochastic Processes},
  author={Karlin, S. and Taylor, H.E.},
  isbn={9780080570419},
  url={https://books.google.com.au/books?id=dSDxjX9nmmMC},
  year={2012},
  publisher={Elsevier Science}
}

@book{vaseghi2013advanced,
  title={Advanced signal processing and digital noise reduction},
  author={Vaseghi, Saeed V},
  year={2013},
  publisher={Springer-Verlag}
}

@article{rasmussen2006gaussian,
  title={Gaussian Processes for Machine Learning},
  author={Rasmussen, Carl Edward and Williams, Christopher KI},
  year={2006}
}

@article{soare,
  title={Experimental bath engineering for quantitative studies of quantum control},
  author={Soare, A and Ball, H and Hayes, D and Zhen, X and Jarratt, MC and Sastrawan, J and Uys, H and Biercuk, MJ},
  journal={Physical Review A},
  volume={89},
  number={4},
  pages={042329},
  year={2014},
  publisher={APS}
}

@article{livska,
  title={Time-Frequency Representation of Instantaneous Frequency Using a Kalman Filter},
  author={Li{\v{s}}ka, Jind{\v{r}}ich and Jane{\v{c}}ek, Eduard},
  journal={ICINCO 2007},
  year={2007}
}

@article{mavadia2017,
  title={Prediction and real-time compensation of qubit decoherence via machine learning},
  author={Mavadia, Sandeep and Frey, Virginia and Jarrah Sastrawan, Stephen Dona and Biercuk, Michael J},
  journal={Nature communications},
  volume={8},
  year={2017},
  publisher={Nature Publishing Group}
}

@inproceedings{wilson2013gaussian,
  title={Gaussian process kernels for pattern discovery and extrapolation},
  author={Wilson, Andrew and Adams, Ryan},
  booktitle={Proceedings of the 30th International Conference on Machine Learning (ICML-13)},
  pages={1067--1075},
  year={2013}
}

@article{quia2010sparse,
  title={Sparse spectrum Gaussian process regression},
  author={Qui{\~A}$\pm$onero-Candela, Joaquin and Rasmussen, Carl Edward and Figueiras-Vidal, An{\~A}bal R and others},
  journal={Journal of Machine Learning Research},
  volume={11},
  number={Jun},
  pages={1865--1881},
  year={2010}
}

@Misc{gpy2014,
  author =   {{GPy}},
  title =    {{GPy}: A Gaussian process framework in python},
  howpublished = {\url{http://github.com/SheffieldML/GPy}},
  year = {since 2012}
}

@inproceedings{abbeel2005discriminative,
  title={Discriminative Training of Kalman Filters.},
  author={Abbeel, Pieter and Coates, Adam and Montemerlo, Michael and Ng, Andrew Y and Thrun, Sebastian}
}
