% -------------------------------------------------- PRIMARY REFERENCES --------

@inproceedings{solin2014explicit,
  title={Explicit link between periodic covariance functions and state space models},
  author={Solin, Arno and S{\"a}rkk{\"a}, Simo},
  booktitle={Artificial Intelligence and Statistics},
  pages={904--912},
  year={2014}
}


@book{karlin2012,
  title={A First Course in Stochastic Processes},
  author={Karlin, S. and Taylor, H.E.},
  isbn={9780080570419},
  url={https://books.google.com.au/books?id=dSDxjX9nmmMC},
  year={2012},
  publisher={Elsevier Science}
}

@book{vaseghi2013,
  title={Advanced signal processing and digital noise reduction},
  author={Vaseghi, Saeed V},
  year={2013},
  publisher={Springer-Verlag}
}

@article{rasmussen2006,
  title={Gaussian Processes for Machine Learning},
  author={Rasmussen, Carl Edward and Williams, Christopher KI},
  year={2006}
}

@article{soare2014,
  title={Experimental bath engineering for quantitative studies of quantum control},
  author={Soare, A and Ball, H and Hayes, D and Zhen, X and Jarratt, MC and Sastrawan, J and Uys, H and Biercuk, MJ},
  journal={Physical Review A},
  volume={89},
  number={4},
  pages={042329},
  year={2014},
  publisher={APS}
}

@article{livska2007,
  title={Time-Frequency Representation of Instantaneous Frequency Using a Kalman Filter},
  author={Li{\v{s}}ka, Jind{\v{r}}ich and Jane{\v{c}}ek, Eduard},
  journal={ICINCO 2007},
  year={2007}
}

@article{mavadia2017,
  title={Prediction and real-time compensation of qubit decoherence via machine learning},
  author={Mavadia, Sandeep and Frey, Virginia and Jarrah Sastrawan, Stephen Dona and Biercuk, Michael J},
  journal={Nature communications},
  volume={8},
  year={2017},
  publisher={Nature Publishing Group}
}

@inproceedings{wilson2013,
  title={Gaussian process kernels for pattern discovery and extrapolation},
  author={Wilson, Andrew and Adams, Ryan},
  booktitle={Proceedings of the 30th International Conference on Machine Learning (ICML-13)},
  pages={1067--1075},
  year={2013}
}

@article{quia2010,
  title={Sparse spectrum Gaussian process regression},
  author={Qui{\~A}$\pm$onero-Candela, Joaquin and Rasmussen, Carl Edward and Figueiras-Vidal, An{\~A}bal R and others},
  journal={Journal of Machine Learning Research},
  volume={11},
  number={Jun},
  pages={1865--1881},
  year={2010}
}

@Misc{gpy2014,
  author =   {{GPy}},
  title =    {{GPy}: A Gaussian process framework in python},
  howpublished = {\url{http://github.com/SheffieldML/GPy}},
  year = {since 2012}
}

@inproceedings{abbeel2005,
  title={Discriminative Training of Kalman Filters.},
  author={Abbeel, Pieter and Coates, Adam and Montemerlo, Michael and Ng, Andrew Y and Thrun, Sebastian}
}


@article{degen2017,
  title={Quantum sensing},
  author={Degen, CL and Reinhard, F and Cappellaro, P},
  journal={Reviews of Modern Physics},
  volume={89},
  number={3},
  pages={035002},
  year={2017},
  publisher={APS}
}


@article{biercuk2011,
  title={Dynamical decoupling sequence construction as a filter-design problem},
  author={Biercuk, MJ and Doherty, AC and Uys, H},
  journal={Journal of Physics B: Atomic, Molecular and Optical Physics},
  volume={44},
  number={15},
  pages={154002},
  year={2011},
  publisher={IOP Publishing}
}

@article{wiebe2015,
  title={Efficient Bayesian Phase Estimation},
  author={Wiebe, Nathan and Granade, Christopher E},
  journal={arXiv preprint arXiv:1508.00869},
  year={2015}
}

@article{matsuzaki2017,
  title={Magnetic-field sensing with quantum error detection under the effect of energy relaxation},
  author={Matsuzaki, Yuichiro and Benjamin, Simon},
  journal={Physical Review A},
  volume={95},
  number={3},
  pages={032303},
  year={2017},
  publisher={APS}
}

@article{lazariev2017,
  title={Dynamical sensitivity control of a single-spin quantum sensor},
  author={Lazariev, Andrii and Arroyo-Camejo, Silvia and Rahane, Ganesh and Kavatamane, Vinaya Kumar and Balasubramanian, Gopalakrishnan},
  journal={Scientific Reports},
  volume={7},
  year={2017},
  publisher={Nature Publishing Group}
}

@article{ball2016,
  title={The role of master clock stability in scalable quantum information processing},
  author={Ball, Harrison and Oliver, William D and Biercuk, Michael J},
  journal={arXiv preprint arXiv:1602.04551},
  year={2016}
}

@article{wiebe2015bayesian,
  title={Bayesian inference via rejection filtering},
  author={Wiebe, Nathan and Granade, Christopher and Kapoor, Ashish and Svore, Krysta M},
  journal={arXiv preprint arXiv:1511.06458},
  year={2015}
}

@article{jacob2016,
  title={Bayesian inference in non-Markovian state-space models with applications to fractional order systems},
  author={Jacob, Pierre E and Alavi, SM and Mahdi, Adam and Payne, Stephen J and Howey, David A},
  journal={arXiv preprint arXiv:1601.07622},
  year={2016}
}

@article{widrow1996,
  title={Statistical theory of quantization},
  author={Widrow, Bernard and Kollar, Istvan and Liu, Ming-Chang},
  journal={IEEE Transactions on instrumentation and measurement},
  volume={45},
  number={2},
  pages={353--361},
  year={1996},
  publisher={IEEE}
}

@book{karlsson2005,
  title={Filtering and estimation for quantized sensor information},
  author={Karlsson, Rickard and Gustafsson, Fredrik},
  year={2005},
  publisher={Link{\"o}ping University Electronic Press}
}

@article{ferrie2013,
  title={How to best sample a periodic probability distribution or on the accuracy of Hamiltonian finding strategies},
  author={Ferrie, Christopher and Granade, Christopher E and Cory, David G},
  journal={Quantum Information Processing},
  pages={1--13},
  publisher={Springer}
}

@unpublished{rogers2017,
  title={Bayesian inference of switching rates for blinking emitters },
  author={Rogers, Lachlan},
  year={2017},
  note={talk at EQUS Annual Workshop 2018}
}

